@BOOK {JohoWhitepaper,
    author     = {総務省},
    title      = {情報通信白書},
    subtitle   = {ICT白書},
    titleaddon = {IoT・ビッグデータ・AI : ネットワークとデータが創造する新たな価値},
    publisher  = {日経印刷,全国官報販売協同組合 (発売)},
    year       = {2016},
    number     = {平成28年版},
    isbn       = {978-4-86579-060-3}
}